@techreport{Peplow-ORNL,
	title = {Consistent Adjoint Driven Importance Sampling using Space, Energy, and Angle},
	institution = {Oak Ridge National Lab., TN (United States)},
	author = {Peplow, Douglas E. and Mosher, Scott W. and Evans, Thomas M.},
	year = {2012},
}


@techreport{mosher_new_2010,
	title = {A {New} {Version} of the {ADVANTG} {Variance} {Reduction} {Generator}},
	url = {http://www.osti.gov/scitech/biblio/978283},
	urldate = {2015-08-31},
	institution = {Oak Ridge National Laboratory (ORNL)},
	author = {Mosher, Scott W.},
	year = {2010},
	file = {Snapshot:/Users/madicken/Library/Application Support/Zotero/Profiles/4l8yjm7c.default/zotero/storage/HKZ4UCBK/978283.html:text/html}
}

@article{brown_mcnp_2002,
	title = {{MCNP} version 5},
	volume = {87},
	number = {273},
	journal = {Trans. Am. Nucl. Soc},
	author = {Brown, Forrest B. and Barrett, R. F. and Booth, T. E. and Bull, J. S. and Cox, L. J. and Forster, R. A. and Goorley, T. J. and Mosteller, R. D. and Post, S. E. and Prael, R. E. and {others}},
	year = {2002},
	pages = {02--3935}
}

@article{hendricks_code-generated_1982,
	title = {A code-generated {Monte} {Carlo} importance function},
	volume = {41},
	url = {http://inis.iaea.org/search/search.aspx?orig_q=RN:14753414},
	urldate = {2014-12-10},
	journal = {Trans. Am. Nucl. Soc},
	author = {Hendricks, J. S.},
	year = {1982},
	pages = {307--308},
	file = {Snapshot:/Users/madicken/Library/Application Support/Zotero/Profiles/4l8yjm7c.default/zotero/storage/9F8G5UAN/search.html:text/html}
}

@article{miften_quasi-diffusion_1993,
	title = {The quasi-diffusion method for solving transport problems in planar and spherical geometries},
	volume = {22},
	url = {http://www.tandfonline.com/doi/abs/10.1080/00411459308203811},
	number = {2-3},
	urldate = {2014-12-10},
	journal = {Transport Theory and Statistical Physics},
	author = {Miften, M. M. and Larsen, Edward W.},
	year = {1993},
	pages = {165--186},
	file = {Miften-Larsen-quasi-diffusion.pdf:/Users/madicken/Library/Application Support/Zotero/Profiles/4l8yjm7c.default/zotero/storage/UMGXJFAJ/Miften-Larsen-quasi-diffusion.pdf:application/pdf;Snapshot:/Users/madicken/Library/Application Support/Zotero/Profiles/4l8yjm7c.default/zotero/storage/XICCEGZM/login.html:text/html}
}

@techreport{van_riper_avatarautomatic_1997,
	title = {{AVATAR}â€“{Automatic} variance reduction in {Monte} {Carlo} calculations},
	url = {http://www.osti.gov/scitech/biblio/527548},
	urldate = {2014-10-08},
	institution = {Los Alamos National Lab., NM (United States)},
	author = {Van Riper, Kenneth A. and Urbatsch, Todd J. and Soran, Patrick D.},
	year = {1997},
	file = {VanRiper_AVATAR.PDF:/Users/madicken/Library/Application Support/Zotero/Profiles/4l8yjm7c.default/zotero/storage/RUZ7GS9Q/VanRiper_AVATAR.PDF:application/pdf}
}

@article{turner_automatic_1997,
	title = {Automatic variance reduction for three-dimensional {Monte} {Carlo} simulations by the local importance function transform-{I}: {Analysis}},
	volume = {127},
	shorttitle = {Automatic variance reduction for three-dimensional {Monte} {Carlo} simulations by the local importance function transform-{I}},
	url = {http://cat.inist.fr/?aModele=afficheN&cpsidt=2833140},
	number = {1},
	urldate = {2014-12-09},
	journal = {Nuclear science and engineering},
	author = {Turner, Scott A. and Larsen, Edward W.},
	year = {1997},
	pages = {22--35},
	file = {Snapshot:/Users/madicken/Library/Application Support/Zotero/Profiles/4l8yjm7c.default/zotero/storage/VCQF7B8F/cat.inist.fr.html:text/html;turner_nse127v1_liftI.pdf:/Users/madicken/Library/Application Support/Zotero/Profiles/4l8yjm7c.default/zotero/storage/E4CKSJBS/turner_nse127v1_liftI.pdf:application/pdf}
}

@article{booth_automatic_1982,
	title = {Automatic importance estimation in forward {Monte} {Carlo} calculations},
	volume = {41},
	url = {http://inis.iaea.org/search/search.aspx?orig_q=RN:14757371},
	urldate = {2014-12-10},
	journal = {Trans. Am. Nucl. Soc},
	author = {Booth, T. E.},
	year = {1982},
	pages = {308--309},
	file = {Snapshot:/Users/madicken/Library/Application Support/Zotero/Profiles/4l8yjm7c.default/zotero/storage/T8RAFUXB/search.html:text/html}
}

@article{turner_automatic_1997-1,
	title = {Automatic variance reduction for three-dimensional {Monte} {Carlo} simulations by the local importance function transform-{II}: {Numerical} results},
	volume = {127},
	shorttitle = {Automatic variance reduction for three-dimensional {Monte} {Carlo} simulations by the local importance function transform-{II}},
	url = {http://cat.inist.fr/?aModele=afficheN&cpsidt=2833141},
	number = {1},
	urldate = {2014-12-09},
	journal = {Nuclear science and engineering},
	author = {Turner, Scott A. and Larsen, Edward W.},
	year = {1997},
	pages = {36--53},
	file = {Snapshot:/Users/madicken/Library/Application Support/Zotero/Profiles/4l8yjm7c.default/zotero/storage/FVXTBK2T/cat.inist.fr.html:text/html;turner_nse127v1_liftII.pdf:/Users/madicken/Library/Application Support/Zotero/Profiles/4l8yjm7c.default/zotero/storage/49694PJ6/turner_nse127v1_liftII.pdf:application/pdf}
}

@article{goldin_quasi-diffusion_1964,
	title = {A quasi-diffusion method of solving the kinetic equation},
	volume = {4},
	url = {http://www.sciencedirect.com/science/article/pii/0041555364900850},
	number = {6},
	urldate = {2014-10-08},
	journal = {USSR Computational Mathematics and Mathematical Physics},
	author = {Gol'Din, V. Ya},
	year = {1964},
	pages = {136--149},
	file = {Gol'din-quasi-diffusion_ZhVychMat4No6_1946.pdf:/Users/madicken/Library/Application Support/Zotero/Profiles/4l8yjm7c.default/zotero/storage/6ETW7EUM/Gol'din-quasi-diffusion_ZhVychMat4No6_1946.pdf:application/pdf;Gol'din-quasi-diffusion_ZhVychMat4No6_1946.pdf:/Users/madicken/Library/Application Support/Zotero/Profiles/4l8yjm7c.default/zotero/storage/P8UVENBM/Gol'din-quasi-diffusion_ZhVychMat4No6_1946.pdf:application/pdf}
}

@article{radulescu_dose_2013,
	title = {Dose {Rate} {Analysis} of {As}-{Loaded} {Spent} {Nuclear} {Fuel} {Casks}},
	url = {http://www.ornl.gov/~5pe/p087.pdf},
	urldate = {2014-10-08},
	author = {Radulescu, Georgeta and Peplow, Douglas E. and Williams, Mark L. and Scaglione, John M.},
	year = {2013},
	file = {[PDF] from ornl.gov:/Users/madicken/Library/Application Support/Zotero/Profiles/4l8yjm7c.default/zotero/storage/99C5DBBV/Radulescu et al. - 2013 - Dose Rate Analysis of As-Loaded Spent Nuclear Fuel.pdf:application/pdf}
}

@article{wagner_automatic_1997,
	title = {Automatic {Variance} {Reduction} for {Monte} {Carlo} {Shielding} {Calculations} with the {Discrete} {Ordinates} {Adjoint} {Function}},
	volume = {1},
	url = {http://www.ornl.gov/sci/nsed/rnsd/staff/Publications/WagnerPubs/wagner_ssprings97_auto.pdf},
	urldate = {2015-08-28},
	journal = {Proc. Joint. Int. Cor \$ OH Mathematicul Methods and Supercomputing in Nuclear Applications},
	author = {Wagner, John C. and Haghighat, Alireza},
	year = {1997},
	pages = {67},
	file = {[PDF] from ornl.gov:/Users/madicken/Library/Application Support/Zotero/Profiles/4l8yjm7c.default/zotero/storage/8K8SUD9Z/Wagner and Haghighat - 1997 - Automatic Variance Reduction for Monte Carlo Shiel.pdf:application/pdf}
}


@article{haghighat_monte_2003,
	title = {Monte {Carlo} variance reduction with deterministic importance functions},
	volume = {42},
	url = {http://www.sciencedirect.com/science/article/pii/S0149197002000021},
	number = {1},
	urldate = {2015-08-28},
	journal = {Progress in Nuclear Energy},
	author = {Haghighat, Alireza and Wagner, John C.},
	year = {2003},
	pages = {25--53},
	file = {[PDF] from ornl.org:/Users/madicken/Library/Application Support/Zotero/Profiles/4l8yjm7c.default/zotero/storage/MAPNJCJK/Haghighat and Wagner - 2003 - Monte Carlo variance reduction with deterministic .pdf:application/pdf;Snapshot:/Users/madicken/Library/Application Support/Zotero/Profiles/4l8yjm7c.default/zotero/storage/N9W5NAH9/S0149197002000021.html:text/html}
}

@article{wagner_automated_1998,
	title = {Automated variance reduction of {Monte} {Carlo} shielding calculations using the discrete ordinates adjoint function},
	volume = {128},
	url = {http://www.ans.org/pubs/journals/nse/a_1951},
	number = {2},
	urldate = {2015-08-28},
	journal = {Nuclear Science and Engineering},
	author = {Wagner, John C. and Haghighat, Alireza},
	year = {1998},
	pages = {186--208},
	file = {[PDF] from ornl.gov:/Users/madicken/Library/Application Support/Zotero/Profiles/4l8yjm7c.default/zotero/storage/B7WICSTF/Wagner and Haghighat - 1998 - Automated variance reduction of Monte Carlo shield.pdf:application/pdf;Snapshot:/Users/madicken/Library/Application Support/Zotero/Profiles/4l8yjm7c.default/zotero/storage/P5729ZJ7/a_1951.html:text/html}
}

@article{wagner_forward-weighted_2007,
	title = {Forward-weighted {CADIS} method for global variance reduction},
	volume = {97},
	url = {http://wp.ornl.gov/sci/nsed/rnsd/staff/Publications/WagnerPubs/Wagner_FW-CADIS_Nov2007_ANS-Trans.pdf},
	urldate = {2015-08-28},
	journal = {TRANSACTIONS-AMERICAN NUCLEAR SOCIETY},
	author = {Wagner, John C. and Blakeman, Edward D. and Peplow, Douglas E.},
	year = {2007},
	pages = {630},
	file = {[PDF] from ornl.gov:/Users/madicken/Library/Application Support/Zotero/Profiles/4l8yjm7c.default/zotero/storage/WFV8JC2M/Wagner et al. - 2007 - Forward-weighted CADIS method for global variance .pdf:application/pdf}
}

@inproceedings{wagner_forward-weighted_2009,
	title = {Forward-weighted {CADIS} method for variance reduction of {Monte} {Carlo} calculations of distributions and multiple localized quantities},
	url = {http://www.ornl.gov/~5pe/p038.pdf},
	urldate = {2015-08-28},
	booktitle = {Proceedings of the 2009 {Int}. {Conference} on {Advances} in {Mathematics}, {Computational} {Methods}, and {Reactor} {Physics}, {Saratoga} {Springs}, {NY}},
	author = {Wagner, John C. and Blakeman, Edward D. and Peplow, Douglas E.},
	year = {2009},
	file = {[PDF] from ornl.gov:/Users/madicken/Library/Application Support/Zotero/Profiles/4l8yjm7c.default/zotero/storage/N7CUZ5XC/Wagner et al. - 2009 - Forward-weighted CADIS method for variance reducti.pdf:application/pdf}
}

@article{wagner_forward-weighted_2010,
	title = {Forward-{Weighted} {CADIS} {Method} for {Variance} {Reduction} of {Monte} {Carlo} {Reactor} {Analyses}},
	volume = {103},
	url = {http://aprs.ornl.gov/nsed/rnsd/staff/Publications/WagnerPubs/Wagner-FW-CADIS-ANS-2010W_final.pdf},
	urldate = {2015-08-28},
	journal = {Transactions of the American Nuclear Society},
	author = {Wagner, John C. and Mosher, Scott W.},
	year = {2010},
	pages = {342--345},
	file = {[PDF] from ornl.gov:/Users/madicken/Library/Application Support/Zotero/Profiles/4l8yjm7c.default/zotero/storage/4QHZ6A7R/Wagner and Mosher - 2010 - Forward-Weighted CADIS Method for Variance Reducti.pdf:application/pdf}
}

@inproceedings{ibrahim_multi-step_2014,
	title = {The {Multi}-{Step} {CADIS} {Method} for {Shutdown} {Dose} {Rate} {Calculations} and {Uncertainty} {Propagation}},
	url = {http://www.ornl.gov/~5pe/p089.pdf},
	urldate = {2015-08-28},
	booktitle = {American {Nuclear} {Society} {Radiation} {Protection} and {Shielding} {Division} 2014 {Topical} {Meeting}},
	author = {Ibrahim, Ahmad M. and Peplow, Douglas E. and Grove, Robert E. and Johnson, Seth R.},
	year = {2014},
	pages = {14--18},
	file = {[PDF] from ornl.gov:/Users/madicken/Library/Application Support/Zotero/Profiles/4l8yjm7c.default/zotero/storage/QQBTRUJT/Ibrahim et al. - 2014 - The Multi-Step CADIS Method for Shutdown Dose Rate.pdf:application/pdf}
}

@incollection{hendricks_mcnp_1985,
	title = {{MCNP} variance reduction overview},
	url = {http://link.springer.com/chapter/10.1007/BFb0049037},
	urldate = {2015-08-28},
	booktitle = {Monte-{Carlo} {Methods} and {Applications} in {Neutronics}, {Photonics} and {Statistical} {Physics}},
	publisher = {Springer},
	author = {Hendricks, J. S. and Booth, T. E.},
	year = {1985},
	pages = {83--92},
	file = {[PDF] from lanl.gov:/Users/madicken/Library/Application Support/Zotero/Profiles/4l8yjm7c.default/zotero/storage/JGRUH8RG/Hendricks and Booth - 1985 - MCNP variance reduction overview.pdf:application/pdf;Snapshot:/Users/madicken/Library/Application Support/Zotero/Profiles/4l8yjm7c.default/zotero/storage/Z7JRBXZJ/BFb0049037.html:text/html}
}

@article{evans_solution_1999,
	title = {The {Solution} of {Well} {Logging} {Problems} {Using} {Hybrid} {Transport} {Methods} on {Unstructured} {Meshes}},
	journal = {Proceedings of the Mathematics and Computation, Reactor Physics and Environmental Analysis in Nuclear Applications},
	author = {Evans, T. M. and Wareing, T. A.},
	year = {1999},
	pages = {1393}
}

@article{jaynes_information_1957,
	title = {Information theory and statistical mechanics},
	volume = {106},
	url = {http://journals.aps.org/pr/abstract/10.1103/PhysRev.106.620},
	number = {4},
	urldate = {2015-08-28},
	journal = {Physical review},
	author = {Jaynes, Edwin T.},
	year = {1957},
	pages = {620},
	file = {[PDF] from uq.edu.au:/Users/madicken/Library/Application Support/Zotero/Profiles/4l8yjm7c.default/zotero/storage/IUVGBR6P/Jaynes - 1957 - Information theory and statistical mechanics.pdf:application/pdf;Snapshot:/Users/madicken/Library/Application Support/Zotero/Profiles/4l8yjm7c.default/zotero/storage/EHC6WNQG/PhysRev.106.html:text/html}
}

@article{jaynes_information_1957-1,
	title = {Information theory and statistical mechanics. {II}},
	volume = {108},
	url = {http://journals.aps.org/pr/abstract/10.1103/PhysRev.108.171},
	number = {2},
	urldate = {2015-08-28},
	journal = {Physical review},
	author = {Jaynes, Edwin T.},
	year = {1957},
	pages = {171},
	file = {[PDF] from 130.58.92.210:/Users/madicken/Library/Application Support/Zotero/Profiles/4l8yjm7c.default/zotero/storage/PDQHDSFX/Jaynes - 1957 - Information theory and statistical mechanics. II.pdf:application/pdf;Snapshot:/Users/madicken/Library/Application Support/Zotero/Profiles/4l8yjm7c.default/zotero/storage/6FTRP4IW/PhysRev.108.html:text/html}
}

@article{cooper_automated_2001,
	title = {Automated weight windows for global {Monte} {Carlo} particle transport calculations},
	volume = {137},
	url = {http://www.ans.org/pubs/journals/nse/a_2171},
	number = {1},
	urldate = {2015-08-28},
	journal = {Nuclear science and engineering},
	author = {Cooper, Marc A. and Larsen, Edward W.},
	year = {2001},
	pages = {1--13},
	file = {Snapshot:/Users/madicken/Library/Application Support/Zotero/Profiles/4l8yjm7c.default/zotero/storage/92T4DSDI/a_2171.html:text/html}
}

@article{becker_hybrid_2007,
	title = {A hybrid monte carlo-deterministic method for global particle transport calculations},
	volume = {155},
	url = {http://www.ans.org/pubs/journals/nse/a_2653},
	number = {2},
	urldate = {2015-08-28},
	journal = {Nuclear science and engineering},
	author = {Becker, Troy L. and Wollaber, Allan B. and Larsen, Edward W.},
	year = {2007},
	pages = {155--167},
	file = {Snapshot:/Users/madicken/Library/Application Support/Zotero/Profiles/4l8yjm7c.default/zotero/storage/J585PGGD/a_2653.html:text/html}
}

@article{tang_monte_1988,
	title = {Monte {Carlo} shielding analyses using an automated biasing procedure},
	volume = {99},
	url = {http://www.ans.org/pubs/journals/nse/a_23562},
	number = {4},
	urldate = {2015-08-28},
	journal = {Nuclear Science and Engineering},
	author = {Tang, J. S. and Hoffman, T. J.},
	year = {1988},
	pages = {329--342},
	file = {Snapshot:/Users/madicken/Library/Application Support/Zotero/Profiles/4l8yjm7c.default/zotero/storage/CXN9HIMN/a_23562.html:text/html}
}

@article{coveyou_adjoint_1967,
	title = {Adjoint and importance in {Monte} {Carlo} application},
	volume = {27},
	url = {http://www.ans.org/pubs/journals/nse/a_18262},
	number = {2},
	urldate = {2015-08-28},
	journal = {Nuclear Science and Engineering},
	author = {Coveyou, Roger R. and Cain, V. R. and Yost, K. J.},
	year = {1967},
	pages = {219--234},
	file = {Snapshot:/Users/madicken/Library/Application Support/Zotero/Profiles/4l8yjm7c.default/zotero/storage/6C3DQ9EX/a_18262.html:text/html}
}

@article{williams_generalized_1991,
	title = {Generalized contributon response theory},
	volume = {108},
	url = {http://www.ans.org/pubs/journals/nse/a_23835},
	number = {4},
	urldate = {2015-08-28},
	journal = {Nuclear Science and Engineering},
	author = {Williams, M. L.},
	year = {1991},
	pages = {355--383},
	file = {Snapshot:/Users/madicken/Library/Application Support/Zotero/Profiles/4l8yjm7c.default/zotero/storage/8NIS8MQ2/a_23835.html:text/html}
}

@article{williams_contributorn_1992,
	title = {Contributorn {Slowing}-{Down} {Theory}},
	volume = {111},
	url = {http://www.ans.org/pubs/journals/nse/a_15483},
	number = {4},
	urldate = {2015-08-28},
	journal = {Nuclear science and engineering},
	author = {Williams, Mark L. and Manohara, Harish},
	year = {1992},
	pages = {345--367},
	file = {Snapshot:/Users/madicken/Library/Application Support/Zotero/Profiles/4l8yjm7c.default/zotero/storage/3JCJDD83/a_15483.html:text/html}
}

@article{seydaliev_contributon_2008,
	title = {Contributon {Theory} for {Shielding} {Analysis}},
	url = {http://icf4.neep.wisc.edu/pdf/fdm1338.pdf},
	urldate = {2015-08-28},
	journal = {Madison, WI: Fusion Technology Institute (University of Wisconsin)},
	author = {Seydaliev, Marat and Henderson, D. L.},
	year = {2008},
	file = {[PDF] from wisc.edu:/Users/madicken/Library/Application Support/Zotero/Profiles/4l8yjm7c.default/zotero/storage/Q4EIMC5B/Seydaliev and Henderson - 2008 - Contributon Theory for Shielding Analysis.pdf:application/pdf}
}

@techreport{bevill_new_2012,
	title = {A {New} {Source} {Biasing} {Approach} in {ADVANTG}},
	url = {http://www.osti.gov/scitech/biblio/1044655},
	urldate = {2015-08-28},
	institution = {Oak Ridge National Laboratory (ORNL)},
	author = {Bevill, Aaron M. and Mosher, Scott W.},
	year = {2012},
	file = {Snapshot:/Users/madicken/Library/Application Support/Zotero/Profiles/4l8yjm7c.default/zotero/storage/QK8RS9R3/1044655.html:text/html}
}

@techreport{somasundaram_implementation_2013,
	title = {Implementation of hybrid variance reduction methods in a multi group {Monte} {Carlo} code for deep shielding problems},
	url = {http://www.osti.gov/scitech/biblio/22212710},
	urldate = {2015-08-28},
	institution = {American Nuclear Society, 555 North Kensington Avenue, La Grange Park, IL 60526 (United States)},
	author = {Somasundaram, E. and Palmer, T. S.},
	year = {2013},
	file = {Snapshot:/Users/madicken/Library/Application Support/Zotero/Profiles/4l8yjm7c.default/zotero/storage/ANGM4R65/22212710.html:text/html}
}

@article{borgers_asymptotic_1996,
	title = {Asymptotic derivation of the {Fermi} pencil-beam approximation},
	volume = {123},
	url = {http://www.ans.org/pubs/journals/nse/a_24198},
	number = {3},
	urldate = {2015-08-28},
	journal = {Nuclear science and engineering},
	author = {BÃ¶rgers, Christoph and Larsen, Edward W.},
	year = {1996},
	pages = {343--357},
	file = {Snapshot:/Users/madicken/Library/Application Support/Zotero/Profiles/4l8yjm7c.default/zotero/storage/ADTAMG3X/a_24198.html:text/html}
}

@inproceedings{ibrahim_analysis_2014,
	title = {Analysis of {Shutdown} {Dose} {Rate} in {Fusion} {Energy} {Systems} {Using} {Hybrid} {Monte} {Carlo}/{Deterministic} {Techniques}},
	url = {http://www.ornl.gov/~5pe/p088.pdf},
	urldate = {2015-08-28},
	booktitle = {American {Nuclear} {Society} {Radiation} {Protection} and {Shielding} {Division} 2014 {Topical} {Meeting}},
	author = {Ibrahim, Ahmad M. and Peplow, Douglas E. and Peterson, Joshua L. and Grove, Robert E.},
	year = {2014},
	pages = {14--18},
	file = {[PDF] from ornl.gov:/Users/madicken/Library/Application Support/Zotero/Profiles/4l8yjm7c.default/zotero/storage/R2DV3T6N/Ibrahim et al. - 2014 - Analysis of Shutdown Dose Rate in Fusion Energy Sy.pdf:application/pdf}
}

@article{sheu_dose_2011,
	title = {Dose {Evaluation} for an {Independent} {Spent}-{Fuel} {Storage} {Installation} {Using} {MAVRIC}},
	volume = {175},
	url = {http://www.ans.org/pubs/journals/nt/a_12305},
	number = {1},
	urldate = {2015-08-28},
	journal = {Nuclear Technology},
	author = {Sheu, R. J. and Chen, Y. F. and Jiang, S. H. and Wang, J. N. and Lin, U. T.},
	year = {2011},
	pages = {335--342},
	file = {Snapshot:/Users/madicken/Library/Application Support/Zotero/Profiles/4l8yjm7c.default/zotero/storage/PQIU7M9V/a_12305.html:text/html}
}

@article{chen_surface_2011,
	title = {Surface {Dose} {Rate} {Calculations} of a {Spent}-{Fuel} {Storage} {Cask} by {Using} {MAVRIC} and {Its} {Comparison} with {SAS}4 and {MCNP}},
	volume = {175},
	url = {http://www.ans.org/pubs/journals/nt/a_12306},
	number = {1},
	urldate = {2015-08-28},
	journal = {Nuclear Technology},
	author = {Chen, Y. F. and Sheu, R. J. and Jiang, S. H. and Wang, J. N. and Lin, U. T.},
	year = {2011},
	pages = {343--350},
	file = {Snapshot:/Users/madicken/Library/Application Support/Zotero/Profiles/4l8yjm7c.default/zotero/storage/4VSDG8WU/a_12306.html:text/html}
}

@article{sweezy_automated_2005,
	title = {Automated variance reduction for {MCNP} using deterministic methods},
	volume = {116},
	url = {http://rpd.oxfordjournals.org/content/116/1-4/508.short},
	number = {1-4},
	urldate = {2015-08-28},
	journal = {Radiation protection dosimetry},
	author = {Sweezy, Jeremy and Brown, F. and Booth, T. and Chiaramonte, Joe and Preeg, Bill},
	year = {2005},
	pages = {508--512},
	file = {Snapshot:/Users/madicken/Library/Application Support/Zotero/Profiles/4l8yjm7c.default/zotero/storage/5TI3XWNN/508.html:text/html}
}

@article{hagler_isfsi_2005,
	title = {{ISFSI} site boundary radiation dose rate analyses},
	volume = {116},
	url = {http://rpd.oxfordjournals.org/content/116/1-4/411.short},
	number = {1-4},
	urldate = {2015-08-28},
	journal = {Radiation protection dosimetry},
	author = {Hagler, R. J. and Fero, A. H.},
	year = {2005},
	pages = {411--416},
	file = {Snapshot:/Users/madicken/Library/Application Support/Zotero/Profiles/4l8yjm7c.default/zotero/storage/M9KA3ZTR/411.html:text/html}
}

@article{burn_new_1997,
	title = {A new weight-dependent direct statistical approach model},
	volume = {125},
	url = {http://www.ans.org/pubs/journals/nse/a_24262},
	number = {2},
	urldate = {2015-08-28},
	journal = {Nuclear science and engineering},
	author = {Burn, K. W.},
	year = {1997},
	pages = {128--170},
	file = {Snapshot:/Users/madicken/Library/Application Support/Zotero/Profiles/4l8yjm7c.default/zotero/storage/4RVPDDCV/a_24262.html:text/html}
}

@article{both_automated_1990,
	title = {Automated importance generation and biasing techniques for {Monte} {Carlo} shielding techniques by the {TRIPOLI}-3 code},
	volume = {24},
	url = {http://www.sciencedirect.com/science/article/pii/0149197090900468},
	number = {1},
	urldate = {2015-08-28},
	journal = {Progress in Nuclear Energy},
	author = {Both, J. P. and Nimal, J. C. and Vergnaud, T.},
	year = {1990},
	pages = {273--281},
	file = {Snapshot:/Users/madicken/Library/Application Support/Zotero/Profiles/4l8yjm7c.default/zotero/storage/DVDMGSV3/0149197090900468.html:text/html}
}

@article{wagner_hybrid_2011,
	title = {Hybrid and parallel domain-decomposition methods development to enable monte carlo for reactor analyses},
	volume = {2},
	url = {http://www.ornl.gov/~5pe/p055.pdf},
	urldate = {2015-08-28},
	journal = {Progress in nuclear science and technology},
	author = {Wagner, John C. and Mosher, Scott W. and Evans, Thomas M. and Peplow, Douglas E. and Turner, John A.},
	year = {2011},
	pages = {815--820},
	file = {[PDF] from ornl.gov:/Users/madicken/Library/Application Support/Zotero/Profiles/4l8yjm7c.default/zotero/storage/CGHDUBVZ/Wagner et al. - 2011 - Hybrid and parallel domain-decomposition methods d.pdf:application/pdf}
}

@article{wagner_review_2011,
	title = {Review of hybrid (deterministic/{Monte} {Carlo}) radiation transport methods, codes, and applications at {Oak} {Ridge} {National} {Laboratory}},
	volume = {2},
	url = {http://www.aesj.or.jp/publication/pnst002/data/808-814.pdf},
	urldate = {2015-08-28},
	journal = {Progress in nuclear science and technology},
	author = {Wagner, John C. and Peplow, Douglas E. and Mosher, Scott W. and Evans, Thomas M.},
	year = {2011},
	pages = {808--814},
	file = {[PDF] from aesj.or.jp:/Users/madicken/Library/Application Support/Zotero/Profiles/4l8yjm7c.default/zotero/storage/8R286CUZ/Wagner et al. - 2011 - Review of hybrid (deterministicMonte Carlo) radia.pdf:application/pdf}
}

@article{evans_denovo:_2010,
	title = {Denovo: {A} new three-dimensional parallel discrete ordinates code in {SCALE}},
	volume = {171},
	shorttitle = {Denovo},
	url = {http://www.ans.org/pubs/journals/nt/a_10782},
	number = {2},
	urldate = {2015-08-28},
	journal = {Nuclear technology},
	author = {Evans, Thomas M. and Stafford, Alissa S. and Slaybaugh, Rachel N. and Clarno, Kevin T.},
	year = {2010},
	pages = {171--200},
	file = {Snapshot:/Users/madicken/Library/Application Support/Zotero/Profiles/4l8yjm7c.default/zotero/storage/DZXJUGTP/a_10782.html:text/html}
}

@inproceedings{wagner_automated_2002,
	title = {An automated deterministic variance reduction generator for {Monte} {Carlo} shielding applications},
	url = {http://wp.ornl.gov/sci/nsed/rnsd/staff/Publications/WagnerPubs/wagner_rpsd_apr2002_advantg.pdf},
	urldate = {2015-09-07},
	booktitle = {Proceedings of the {American} {Nuclear} {Society} 12th {Biennial} {RPSD} {Topical} {Meeting}},
	author = {Wagner, John C.},
	year = {2002},
	pages = {14--18},
	file = {[PDF] from ornl.gov:/Users/madicken/Library/Application Support/Zotero/Profiles/4l8yjm7c.default/zotero/storage/WNQK5EJM/Wagner - 2002 - An automated deterministic variance reduction gene.pdf:application/pdf}
}


@phdthesis{becker_hybrid_2009,
	title = {â€˜{Hybrid} {Monte} {Carlo}/{Deterministic} {Methods} for {Deep}-{Penetration} {Problems}},
	school = {Doctoral Dissertation, University of Michigan},
	author = {Becker, T. L.},
	year = {2009}
}

@article{peplow_advanced_2007,
	title = {Advanced {Variance} {Reduction} {Strategies} for {Optimizing} {Mesh} {Tallies} in {MAVRIC}},
	volume = {97},
	url = {http://www.researchgate.net/profile/John_Wagner10/publication/237784020_Advanced_Variance_Reduction_Strategies_for_Optimizing_Mesh_Tallies_in_MAVRIC/links/54cd206d0cf24601c08cce96.pdf},
	urldate = {2015-10-19},
	journal = {TRANSACTIONS-AMERICAN NUCLEAR SOCIETY},
	author = {Peplow, Douglas E. and Blakeman, Edward D. and Wagner, John C.},
	year = {2007},
	pages = {595},
	file = {[PDF] from researchgate.net:/Users/madicken/Library/Application Support/Zotero/Profiles/4l8yjm7c.default/zotero/storage/KC2VXW6D/Peplow et al. - 2007 - Advanced Variance Reduction Strategies for Optimiz.pdf:application/pdf}
}

@techreport{williams_contributon_study,
	title = {A Fundamental Study of Contributon Transport Theory and Channel Theory Applications},
	number = {DOE/ER/12899--T1},
	institution = {Louisiana State University},
	author = {Williams, M. L.},
	month = July,
	year = {1994}
}

@techreport{williams_SCC_shielding,
	title = {The Concept of Spatial Channel Theory Applied to Reactor Shielding Analysis},
	number = {ORNL/TM-5467},
	institution = {Oak Ridge National Laboratory},
	author = {Williams, M. L. and Engle, W. W.},
	month = July,
	year = {1976},
	file = {Peplow_ORNL-TM-2017-7_cadisAngle.docx:/Users/madicken/Library/Application Support/Zotero/Profiles/4l8yjm7c.default/zotero/storage/NDP87Q2H/Peplow_ORNL-TM-2017-7_cadisAngle.docx:application/vnd.openxmlformats-officedocument.wordprocessingml.document}
}


@article{goertzel_monte_1958,
	title = {Monte {Carlo} methods in transport problems},
	volume = {2},
	journal = {Progress in nuclear energy},
	author = {Goertzel, Gerald and Kalos, Malvin H.},
	year = {1958},
	pages = {315--369}
}

@article{kalos_importance_1963,
	title = {Importance {Sampling} in {Monte} {Carlo} {Shielding} {Calculations}: {I}. {Neutron} {Penetration} {Through} {Thick} {Hydrogen} {Slabs}},
	volume = {16},
	shorttitle = {Importance {Sampling} in {Monte} {Carlo} {Shielding} {Calculations}},
	url = {http://www.ans.org/pubs/journals/nse/a_26504},
	number = {2},
	urldate = {2015-09-07},
	journal = {Nuclear Science and Engineering},
	author = {Kalos, M. H.},
	year = {1963},
	pages = {227--234},
	file = {Snapshot:/Users/madicken/Library/Application Support/Zotero/Profiles/4l8yjm7c.default/zotero/storage/TV4KIF3M/a_26504.html:text/html}
}

@techreport{peplow_consistent_2012,
	title = {Consistent {Adjoint} {Driven} {Importance} {Sampling} using {Space}, {Energy}, and {Angle}},
	number = {ORNL/TM-2012/7},
	institution = {Oak Ridge National Laboratory},
	author = {Peplow, Douglas E. and Mosher, Scott W. and Evans, T. M.},
	month = aug,
	year = {2012},
	file = {Peplow_ORNL-TM-2017-7_cadisAngle.docx:/Users/madicken/Library/Application Support/Zotero/Profiles/4l8yjm7c.default/zotero/storage/NDP87Q2H/Peplow_ORNL-TM-2017-7_cadisAngle.docx:application/vnd.openxmlformats-officedocument.wordprocessingml.document}
}