@book{Pomraning1991book,
	Author = {Pomraning, G. C.},
	Edition = {1st},
	Publisher = {World Scientific Publishing Co. Pte. Ltd., River Edge, New Jersey},
	Title = {Linear Kinetic Theory and Particle Transport in Stochastic Mixtures},
	Year = {1991}}

@article{AdamsJQSRT1989,
	Author = {Adams, M. L. and Larsen, E. W. and Pomraning, G. C.},
	Journal = {J. Quant. Spectrosc. and Rad. Transfer},
	Keywords = {},
	Number = {4},
	Pages = {253--266},
	Title = {Benchmark Results for Particle Transport in a Binary Markov Statistical Medium},
	Volume = {42},
	Year = {1989}}

@article{ZimmermanANS1991,
	Author = {Zimmerman, G. B. and Adams, M. L.},
	Journal = {Trans. Am. Nucl. Soc.},
	Number = {},
	Pages = {287},
	Title = {Algorithms for Monte-Carlo Particle Transport in Binary Statistical Mixtures},
	Volume = {63},
	Year = {1991}}

@article{DonovanNSE2003,
	Author = {Donovan, T. J. and Danon, Y.},
	Journal = {Nucl. Sci. Eng.},
	Keywords = {},
	Number = {3},
	Pages = {226--239},
	Title = {Application of Monte Carlo Chord-Length Sampling Algorithms to Transport Through a Two-Dimensional Binary Stochastic Mixture},
	Volume = {143},
	doi = {https://doi.org/10.13182/NSE03-A2332},
	Year = {2003}}

@mastersthesis{Vasques2005thesis,
	Author = {Vasques, R.},
	Keywords = {},
	Number = {},
	Pages = {},
	Title = {A Review of Particle Transport Theory in a Binary Stochastic Medium},
	School = {Universidade Federal do Rio Grande do Sul},
	Volume = {},
	Year = {2005}}

@phdthesis{Fichtl2009dissertation,
	Author = {Fichtl, E. D.},
	Keywords = {KL},
	Number = {},
	Pages = {},
	Title = {Stochastic Methods for Uncertainty Quantification in Radiation Transport},
	School = {University of New Mexico},
	Volume = {},
	Year = {2009}}

%While admittedly not the best LaTeX solution, we have placed the conference date in the address line to satisfy ANS reference formatting requirements
@conference{BrantleyMC2009Incident,
  	author       = {Brantley, B. S.},
  	title        = {A Comparison of Monte Carlo Particle Transport Algorithms for Binary Stochastic Mixtures},
  	booktitle    = {Proc. Int. Conf. on Mathematics, Computational Methods and Reactor Physics (M\&C2009)},
  	month        = {},
  	year         = {2009},
  	address      = {Saratoga Springs, New York, May 3--7},
  	organization    = {American Nuclear Society}}

@techreport{PautzSAND2017AMClosurePres,
	Author = {Pautz, S. D. and Franke, B. C.},
	Institution = {Sandia National Laboratories},
	Number = {SAND2017-3730C},
	Title = {The Levermore--Pomraning and Atomic Mix Closures for n-ary Stochastic Materials},
	Year = {2017}}

