@comment{This file has been generated by Pybliographer}


@Book{book,
  Author         = {{Ian M. Babbelbox}},
  Title          = {Zen and the {A}rt of {LWR} {M}aintenance},
  Publisher      = {Wiley Coyote \& Sons},
  Address        = {Palookaville, USA},
  month          = mar,
  year           = 1998
}

@Misc{website,
  Title          = {Research {I}nstitute of {N}uclear {E}ngineering,
                   {U}niversity of {F}ukui},
  HowPublished   = {Available online},
  url            = {http://www.rine.u-fukui.ac.jp/english/index.html},
  year           = 2013
}

@InProceedings{proc_paper,
  Author         = {{Mazda Miata} and {Ford Escort} and {Meada Atsuko}},
  Title          = {An important conference contribution},
  BookTitle      = {International {M}eeting on {G}hurkin {P}ickles},
  Editor         = {{Ed Kowalczek}},
  Organization   = {IGPA},
  Note           = {Zandvoort, The Netherlands, February 24 - 29},
  year           = 2012
}

@Article{journal,
  Author         = {{Takayuki Kanazawa} and {Giuseppe Palmolive} and {Dean
                   McInsight} and {Honda Accord}},
  Title          = {A breakthrough article},
  Journal        = {Journal of Applied Technical Breakthroughs},
  Volume         = {45},
  Number         = {4},
  Pages          = {2345 - 2354},
  doi            = {doi\_number},
  year           = 2012
}

